<record><leader>00000cas a22000007a 4500</leader><controlfield tag="001">18390979</controlfield><controlfield tag="008">880823d18921894ohudr ne      0    0eng d</controlfield><datafield ind1=" " ind2=" " tag="010"><subfield code="a">sn 88078778 </subfield></datafield><datafield ind1=" " ind2=" " tag="040"><subfield code="a">ONP</subfield><subfield code="b">eng</subfield><subfield code="c">ONP</subfield><subfield code="d">OCLCQ</subfield><subfield code="d">OCLCF</subfield><subfield code="d">OCLCO</subfield></datafield><datafield ind1=" " ind2=" " tag="042"><subfield code="a">msc</subfield></datafield><datafield ind1=" " ind2=" " tag="043"><subfield code="a">n-us-oh</subfield></datafield><datafield ind1="0" ind2=" " tag="130"><subfield code="a">Daily advocate (Newark, Ohio : 1892)</subfield></datafield><datafield ind1="1" ind2="4" tag="245"><subfield code="a">The Daily advocate.</subfield></datafield><datafield ind1="3" ind2="0" tag="246"><subfield code="a">Sunday advocate</subfield></datafield><datafield ind1=" " ind2=" " tag="260"><subfield code="a">Newark, Ohio :</subfield><subfield code="b">Advocate Print. Co.,</subfield><subfield code="c">-1894.</subfield></datafield><datafield ind1=" " ind2=" " tag="300"><subfield code="a">v.</subfield></datafield><datafield ind1=" " ind2=" " tag="310"><subfield code="a">Daily,</subfield><subfield code="b">Sept. 3, 1893-Jan. 22, 1894</subfield></datafield><datafield ind1=" " ind2=" " tag="321"><subfield code="a">Daily (except Sun.),</subfield><subfield code="b">1892-Sept. 2, 1893</subfield></datafield><datafield ind1="1" ind2=" " tag="362"><subfield code="a">Began in 1892.</subfield></datafield><datafield ind1="0" ind2=" " tag="362"><subfield code="a">-v. 36, no. 92 (Jan. 22, 1894).</subfield></datafield><datafield ind1=" " ind2=" " tag="500"><subfield code="a">On Sundays published as: Sunday advocate, Sept. 3, 1893-Jan. 22, 1894.</subfield></datafield><datafield ind1=" " ind2=" " tag="588"><subfield code="a">Description based on: Vol. 33, no. 39 (Nov. 19, 1892).</subfield></datafield><datafield ind1=" " ind2="0" tag="651"><subfield code="a">Newark (Ohio)</subfield><subfield code="v">Newspapers.</subfield></datafield><datafield ind1=" " ind2="0" tag="651"><subfield code="a">Licking County (Ohio)</subfield><subfield code="v">Newspapers.</subfield></datafield><datafield ind1=" " ind2="7" tag="655"><subfield code="a">Newspapers.</subfield><subfield code="2">fast</subfield><subfield code="0">(OCoLC)fst01423814</subfield></datafield><datafield ind1=" " ind2="7" tag="651"><subfield code="a">Ohio</subfield><subfield code="z">Licking County.</subfield><subfield code="2">fast</subfield><subfield code="0">(OCoLC)fst01207827</subfield></datafield><datafield ind1=" " ind2="7" tag="651"><subfield code="a">Ohio</subfield><subfield code="z">Newark.</subfield><subfield code="2">fast</subfield><subfield code="0">(OCoLC)fst01207972</subfield></datafield><datafield ind1=" " ind2=" " tag="752"><subfield code="a">United States</subfield><subfield code="b">Ohio</subfield><subfield code="c">Licking</subfield><subfield code="d">Newark.</subfield></datafield><datafield ind1="0" ind2=" " tag="775"><subfield code="t">Newark weekly advocate</subfield><subfield code="w">(DLC)sn 88078783</subfield></datafield><datafield ind1="0" ind2="0" tag="780"><subfield code="t">Newark daily advocate (Newark, Ohio : 1883)</subfield><subfield code="w">(DLC)sn 84028855</subfield></datafield><datafield ind1="0" ind2="0" tag="785"><subfield code="t">Newark daily advocate (Newark, Ohio : 1894)</subfield><subfield code="w">(DLC)sn 88078777</subfield></datafield></record>